<record><leader>00000cas a2200000 a 4500</leader><controlfield tag="001">10945526</controlfield><controlfield tag="008">840713d18421849nhuwr ne      0    0eng d</controlfield><controlfield tag="009">330</controlfield><datafield ind1=" " ind2=" " tag="010"><subfield code="a">sn 84023681 </subfield></datafield><datafield ind1=" " ind2=" " tag="040"><subfield code="a">AQM</subfield><subfield code="b">eng</subfield><subfield code="c">AQM</subfield><subfield code="d">NPX</subfield><subfield code="d">DLC</subfield><subfield code="d">NVH</subfield><subfield code="d">KNP</subfield><subfield code="d">OCL</subfield><subfield code="d">DLC</subfield><subfield code="d">OCLCF</subfield></datafield><datafield ind1="1" ind2=" " tag="029"><subfield code="a">AU@</subfield><subfield code="b">000020129539</subfield></datafield><datafield ind1=" " ind2=" " tag="042"><subfield code="a">msc</subfield></datafield><datafield ind1=" " ind2=" " tag="043"><subfield code="a">n-us-nh</subfield></datafield><datafield ind1="0" ind2="0" tag="050"><subfield code="a">Newspaper</subfield></datafield><datafield ind1="0" ind2=" " tag="130"><subfield code="a">Argus &amp; spectator (Newport, N.H. : 1842)</subfield></datafield><datafield ind1="1" ind2="0" tag="245"><subfield code="a">Argus &amp; spectator.</subfield></datafield><datafield ind1="0" ind2="0" tag="246"><subfield code="a">Argus and spectator</subfield></datafield><datafield ind1=" " ind2=" " tag="260"><subfield code="a">Newport, N.H. :</subfield><subfield code="b">Carleton &amp; Harvey</subfield></datafield><datafield ind1=" " ind2=" " tag="300"><subfield code="a">v.</subfield></datafield><datafield ind1=" " ind2=" " tag="310"><subfield code="a">Weekly</subfield></datafield><datafield ind1="0" ind2=" " tag="362"><subfield code="a">Vol. 18, no. 50 (June 17, 1842)-v. 26, no. 27 (Dec. 28, 1849).</subfield></datafield><datafield ind1=" " ind2="0" tag="651"><subfield code="a">Newport (N.H. : Town)</subfield><subfield code="v">Newspapers.</subfield></datafield><datafield ind1=" " ind2="7" tag="655"><subfield code="a">Newspapers.</subfield><subfield code="2">fast</subfield><subfield code="0">(OCoLC)fst01423814</subfield></datafield><datafield ind1=" " ind2="7" tag="651"><subfield code="a">New Hampshire</subfield><subfield code="z">Newport (Town)</subfield><subfield code="2">fast</subfield><subfield code="0">(OCoLC)fst01331930</subfield></datafield><datafield ind1=" " ind2=" " tag="752"><subfield code="a">United States</subfield><subfield code="b">New Hampshire</subfield><subfield code="c">Sullivan</subfield><subfield code="d">Newport.</subfield></datafield><datafield ind1="0" ind2="0" tag="780"><subfield code="t">N.H. Argus and spectator</subfield><subfield code="w">(DLC)sn 84023679</subfield><subfield code="w">(OCoLC)10945460</subfield></datafield><datafield ind1="0" ind2="0" tag="785"><subfield code="t">New Hampshire Argus &amp; spectator</subfield><subfield code="w">(DLC)sn 84023682</subfield><subfield code="w">(OCoLC)10945598</subfield></datafield></record>